@comment{x-kbibtex-personnameformatting=<%l><, %f><, %s>}

@unpublished{hasp14,
	address = {Leipzig},
	author = {Haspelmath, Martin},
	howpublished = {\url{http://www.eva.mpg.de/fileadmin/content\_files/staff/haspelmt/pdf/GenericStyleRules.pdf}},
	institution = {Max Planck Institute for Evolutionary Anthropology},
	month = {December},
	note = {Accessed: 24.02.2015},
	title = {{The Generic Style Rules for Linguistics}},
	year = {2014}
}

@unpublished{brin15c,
	address = {Trondheim},
	author = {Brindle, Jonathan Allen},
	institution = {ISL, NTNU},
	note = {in preparation},
	title = {{Why is Chakali still spoken?}},
	year = {2015}
}

@unpublished{JAB-space-C-10,
	address = {Trondheim},
	author = {Brindle, Jonathan Allen},
	institution = {The Department of Language and Literature},
	school = {NTNU},
	title = {{A Chakali Location and Position Corpus}},
	year = {2010}
}

@phdthesis{brin11,
	author = {Brindle, Jonathan Allen},
	school = {NTNU},
	title = {{Aspects of the Chakali language}},
	year = {2011}
}

@manual{hamm14,
	address = {Leipzig},
	author = {Hammarstr{\"o}m, Harald and Forkel, Robert and Haspelmath, Martin and Nordhoff, Sebastian},
	institution = {Max Planck Institute for Evolutionary Anthropology},
	note = {Available online at http://glottolog.org, Accessed on 2015-02-12},
	title = {{Glottolog 2.3}},
	year = {2014}
}

@inproceedings{BrinAtin12,
	author = {Brindle, Jonathan Allen and Atintono, Samuel Awinkene},
	booktitle = {{Selected Proceedings of the 42nd Annual Conference on African Linguistics: {A}frican Languages in Context}},
	publisher = {Cascadilla Proceedings Project},
	title = {{A Comparative Study of Topological Relation Markers in Two Gur Languages: {G}urenɛ and Chakali}},
	year = {2012}
}

@incollection{brin16,
	address = {Cambridge, UK},
	author = {Brindle, Jonathan Allen},
	booktitle = {{Colour Language and Colour Categorization}},
	editor = {Uusk{\"u}la, Mari and Paulsen, Geda and Brindle, Jonathan Allen},
	pages = {\biberror{no pages}},
	publisher = {Cambridge Scholars Publishing},
	title = {{Colour Basicness in Chakali}},
	year = {2016}
}

@book{vagl80,
	address = {Tamale},
	author = {GILLBT},
	publisher = {Ghana Institute of Linguistics, Literacy and Bible Translation},
	title = {{Vagla-English Dictionary}},
	year = {1980}
}

@book{sisa75,
	address = {Tamale},
	author = {GIILBT},
	publisher = {Ghana Institute of Linguistics, Literacy and Bible Translation},
	title = {{Sisaala-English Dictionary}},
	year = {1975}
}

@book{newm07hausa,
	address = {\biberror{no address}},
	author = {Newman, P.},
	isbn = {9780300122466},
	lccn = {2007920770},
	publisher = {Yale University Press},
	title = {{A Hausa-English Dictionary}},
	url = {https://books.google.no/books?id=ZBNJQIBv7DwC},
	year = {2007}
}

@book{mcgi99,
	address = {University of Ghana},
	author = {McGill, Stuart and Fembeti, Samuel and Toupin, Mike},
	publisher = {Institute of African Studies},
	title = {{A Grammar of Sisaala-Pasaale}},
	year = {1999}
}

@book{lewi14,
	address = {Dallas, Texas},
	author = {Lewis, M. Paul and Simons, Gary F. and Fennig, Charles D.},
	edition = {17},
	publisher = {SIL International},
	title = {{Ethnologue: {L}anguages of the World}},
	year = {2014}
}

@book{hawt06,
	address = {Kew, UK},
	author = {Hawthorne, W. D. and Jongkind, C. C. H.},
	isbn = {1842460897},
	publisher = {Royal Botanic Gardens},
	title = {{Woody Plants of Western African Forests. {A} guide to the forest trees, shrubs and lianes from Senegal to Ghana}},
	year = {2006}
}

@book{daku09ga,
	address = {\biberror{no address}},
	booktitle = {{Ga-English Dictionary with English-Ga Index}},
	edition = {2nd},
	editor = {Kropp-Dakubu, Mary Esther},
	publisher = {Black Mask},
	title = {{Ga-English Dictionary with English-Ga Index}},
	year = {2009}
}

@book{daku07,
	address = {Legon},
	booktitle = {{Gurenɛ-English Dictionary}},
	editor = {Dakubu, Mary Esther Kropp and Atintono, S. Awinkene and Nsoh, E. Avea},
	publisher = {Linguistics Department, University of Ghana},
	title = {{Gurenɛ-English Dictionary}},
	year = {2007}
}

@book{borr02,
	address = {\biberror{no address}},
	author = {Borrow, Nik and Demey, Ron},
	publisher = {Princeton University Press},
	title = {{A Guide to the Birds of Western Africa}},
	year = {2002}
}

@book{blas90,
	address = {\biberror{no address}},
	author = {Blass, Regina},
	number = {55},
	publisher = {Cambridge University Press},
	series = {{Cambridge Studies in Linguistics}},
	title = {{Relevance Relations in Discourse: {A} study with special reference to Sissala}},
	year = {1990}
}

@book{Mieh07,
	address = {\biberror{no address}},
	booktitle = {{Noun Class Systems in Gur Languages: {S}outhwestern Gur Languages (without Gurunsi)}},
	editor = {Miehe, Gudrun and Winkelmann, Kerstin},
	publisher = {R{\"u}diger K{\"o}ppe Verlag},
	title = {{Noun Class Systems in Gur Languages: {S}outhwestern Gur Languages (without Gurunsi)}},
	volume = {I},
	year = {2007}
}

@book{Dume11,
	address = {\biberror{no address}},
	author = {Dumestre, G{\'e}rard},
	publisher = {Karthala},
	title = {{Dictionnaire Bambara-Fran\c{c}ais}},
	year = {2011}
}

@article{koen12,
	author = {Koenig, Ekkehard},
	journal = {Bulletin de la Soci{\'e}t{\'e} de Linguistique de Paris},
	pages = {11--42},
	title = {{Le r{\^o}le des d{\'e}ictiqu es de la mani{\`e}re dans le cadre d{\rq}une typologie de la deixis}},
	volume = {CVII},
	year = {2012}
}